@book{saturday_is_monday,
  author    = "Стругацкий, А.Н. and Стругацкий, Б.Н.",
  title     = "Понедельник начинается в субботу",
  address   = "М.",
  editor    = "Иванов",
  publisher = "Детская литература",
  year      = 1965,
  language  = "russian"
}

@book{muchnick1997advanced,
  title={Advanced compiler design implementation},
  author={Muchnick, Steven S},
  year={1997},
  publisher={Morgan Kaufmann},
  language  = "english"
}

@article{lengauer1979fast,
  title={A fast algorithm for finding dominators in a flowgraph},
  author={Lengauer, Thomas and Tarjan, Robert Endre},
  journal={ACM Transactions on Programming Languages and Systems (TOPLAS)},
  volume={1},
  number={1},
  pages={121--141},
  year={1979},
  publisher={ACM}
}


@book{book:fourier,
  title      = {Ряды и интеграл Фурье: Теория поля. Аналитические и специальные функции. Преобразование Лапласа},
  author     = {Кожевников, Н.И. and Краснощекова, Т.И. and Шишкин, Н.Е.},
  lccn       = {66051327},
  series     = {Избранные главы высшей математики для инженеров и студентов втузов. Задачи и упражнения},
  url        = {http://books.google.ru/books?id=xvXuAAAAMAAJ},
  year       = {1964},
  publisher  = {Наука},
  eprint     = {http://books.google.ru/books?id=xvXuAAAAMAAJ},
  eprinttype = {Google Books}
}

@online{wiki:lcd,
  author       = "Wikipedia",
  title        = "Наибольший общий делитель",
  howpublished = "Википедия, свободная энциклопедия",
  year         = 2012,
  url          = {http://goo.gl/1eEF3},
  urldate      = "08.04.2013",
  language     = "russian"
}


@online{wiki:dom,
  author       = "Wikipedia",
  title        = "Dominator (graph theory)",
  howpublished = "Википедия, свободная энциклопедия",
  year         = 2017,
  url          = {https://en.wikipedia.org/wiki/Dominator_(graph_theory)},
  urldate      = "22.12.2017",
  language     = "english"
}

@online{wikiversity:control-structures,
  author       = "Wikiversity",
  title        = "Control structures",
  year         = 2017,
  url          = {https://en.wikiversity.org/wiki/Control_structures},
  urldate      = "22.12.2017",
  language     = "english"
}


@online{dominators,
  author       = "tanujkhattar.wordpress.com",
  title        = "Dominator Tree of a Directed Graph",
  year         = 2017,
  url          = {https://tanujkhattar.wordpress.com/2016/01/11/dominator-tree-of-a-directed-graph/},
  urldate      = "22.12.2017",
  language     = "english"
}